% Encoding: UTF-8

@techreport{openfog,
  author={{OpenFog Consortium Architecture Working Group}},
  type = {White Paper},
  month = {February},
  year = {2016},
  title = {OpenFog Architecture Overview},
  volume = {2016},
  address = {Sanfrancisco, USA},
  institution = {OpenFog Consortium},
  url = {https://github.com/OpenFog/white-papers/tree/master/Architecture}
}

@article{evans2011internet,
	title={The internet of things: How the next evolution of the internet is changing everything},
	author={Evans, Dave},
	journal={CISCO white paper},
	volume={1},
	pages={1--11},
	month = {April},
	year={2011}
}

@article{Chiu:1989:AIMD,
 author = {Chiu, Dah-Ming and Jain, Raj},
 title = {Analysis of the Increase and Decrease Algorithms for Congestion Avoidance in Computer Networks},
 journal = {Comput. Netw. ISDN Syst.},
 issue_date = {June 10, 1989},
 volume = {17},
 number = {1},
 month = June,
 year = {1989},
 issn = {0169-7552},
 pages = {1--14},
 numpages = {14},
 url = {http://dx.doi.org/10.1016/0169-7552(89)90019-6},
 doi = {10.1016/0169-7552(89)90019-6},
 acmid = {70208},
 publisher = {Elsevier Science Publishers B. V.},
 address = {Amsterdam, The Netherlands, The Netherlands},
} 

@article{Gu:2007:UDT,
 author = {Gu, Yunhong and Grossman, Robert L.},
 title = {UDT: UDP-based Data Transfer for High-speed Wide Area Networks},
 journal = {Comput. Netw.},
 issue_date = {May, 2007},
 volume = {51},
 number = {7},
 month = may,
 year = {2007},
 issn = {1389-1286},
 pages = {1777--1799},
 numpages = {23},
 url = {http://dx.doi.org/10.1016/j.comnet.2006.11.009},
 doi = {10.1016/j.comnet.2006.11.009},
 acmid = {1229240},
 publisher = {Elsevier North-Holland, Inc.},
 address = {New York, NY, USA},
} 

@misc{nakamoto2009bitcoin,
	title={Bitcoin: A peer-to-peer electronic cash system},
	author={Nakamoto, Satoshi},
	url={https://bitcoin.org/bitcoin.pdf},
	month={March},
	year={2009}
}

@inproceedings {ddoscoin,
author = {Eric Wustrow and Benjamin VanderSloot},
title = {DDoSCoin: Cryptocurrency with a Malicious Proof-of-Work},
booktitle = {10th USENIX Workshop on Offensive Technologies (WOOT 16)},
year = {2016},
month = August,
address = {Austin, TX},
url = {https://www.usenix.org/conference/woot16/workshop-program/presentation/wustrow},
publisher = {USENIX Association},
}
@inproceedings{Azevedo:2015:API,
 author = {Azevedo, Jo\~{a}o and Pereira, Ricardo Lopes and Chainho, Paulo},
 title = {An API Proposal for Integrating Sensor Data into Web Apps and WebRTC},
 booktitle = {Proceedings of the 1st Workshop on All-Web Real-Time Systems},
 series = {AWeS '15},
 year = {2015},
 isbn = {978-1-4503-3477-8},
 location = {Bordeaux, France},
 pages = {8:1--8:5},
 articleno = {8},
 numpages = {5},
 url = {http://doi.acm.org/10.1145/2749215.2749221},
 doi = {10.1145/2749215.2749221},
 acmid = {2749221},
 publisher = {ACM},
 address = {New York, NY, USA},
 keywords = {API, WebRTC, sensor data},
} 

@inproceedings{Bille:2016:RTCSS,
 author = {Bille, Ross J. and Lin, Yuqing and Chalup, Stephan K.},
 title = {RTCSS: A Framework for Developing Real-time Peer-to-peer Web Applications},
 booktitle = {Proceedings of the Australasian Computer Science Week Multiconference},
 series = {ACSW '16},
 year = {2016},
 isbn = {978-1-4503-4042-7},
 location = {Canberra, Australia},
 pages = {56:1--56:10},
 articleno = {56},
 numpages = {10},
 url = {http://doi.acm.org/10.1145/2843043.2843377},
 doi = {10.1145/2843043.2843377},
 acmid = {2843377},
 publisher = {ACM},
 address = {New York, NY, USA},
 keywords = {WebRTC, client-server, peer-to-peer, web application},
} 


@inproceedings{Bonomi:2012:Fog:IoT,
 author = {Bonomi, Flavio and Milito, Rodolfo and Zhu, Jiang and Addepalli, Sateesh},
 title = {Fog Computing and Its Role in the Internet of Things},
 booktitle = {Proceedings of the First Edition of the MCC Workshop on Mobile Cloud Computing},
 series = {MCC '12},
 year = {2012},
 isbn = {978-1-4503-1519-7},
 location = {Helsinki, Finland},
 pages = {13--16},
 numpages = {4},
 url = {http://doi.acm.org/10.1145/2342509.2342513},
 doi = {10.1145/2342509.2342513},
 acmid = {2342513},
 publisher = {ACM},
 address = {New York, NY, USA},
 keywords = {analytics, cloud computing, fog computing, iot, real time systems, software defined networks, wsan},
} 

@Patent{zhuang2014optimization,
 author={Zhuang, H. and Wang, Y. and TONG, X.},
 title={Optimization method and system based on throughput rate and packet loss to control cwnd},
 year = {2016},
 month = {05},
 day = {06},
 number = {PCT/CN2014/091559},
 type = {Patent},
 version = {},
 location = {PCT},
 url = {https://patentscope.wipo.int/search/en/detail.jsf?docId=WO2014114249},
 filing_num = {PCT/CN2014/091559},
 yearfiled = {2014},
 monthfiled = {11},
 dayfiled = {19}
}


@Patent{crowdcdn,
 author={Qidong Zhuang},
 title={System, Method, and Apparatus for a Crowd-sourced Content Delivery Network},
 year = {2014},
 month = {12},
 day = {28},
 number = {CN104618506A},
 type = {Patent},
 version = {},
 location = {CN},
 url = {https://www.google.com/patents/CN104618506A},
 filing_num = {CN201510086043},
 yearfiled = {2015},
 monthfiled = {02},
 dayfiled = {24}
}

@techreport{rfc7413,
   AUTHOR = "Yuchung Cheng and Jerry Chu and Sivasankar Radhakrishnan and Arvind Jain",
   TITLE = "{TCP Fast Open}",
   HOWPUBLISHED = {Internet Requests for Comments},
   TYPE="{RFC}",
   NUMBER=7413,
   PAGES = {1--26},
   YEAR = {2014},
   MONTH = {December},
   ISSN = {2070-1721},
   PUBLISHER = "{RFC Editor}",
   INSTITUTION = "{RFC Editor}",
   URL={http://www.rfc-editor.org/rfc/rfc7413.txt}
}

@techreport{rfc6928,
   AUTHOR = "Jerry Chu and Nandita Dukkipat and Yuchung Cheng and Matt Mathis",
   TITLE = "{Increasing TCP's Initial Window}",
   HOWPUBLISHED = {Internet Requests for Comments},
   TYPE="{RFC}",
   NUMBER=6928,
   PAGES = {1--24},
   YEAR = {2013},
   MONTH = {April},
   ISSN = {2070-1721},
   PUBLISHER = "{RFC Editor}",
   INSTITUTION = "{RFC Editor}",
   URL={http://www.rfc-editor.org/rfc/rfc6928.txt}
}

@techreport{tsvwg-quic-protocol-02,
	number=		{draft-tsvwg-quic-protocol-02},
	type =		{Internet-Draft},
	institution =	{Internet Engineering Task Force},
	publisher =	{Internet Engineering Task Force},
	note =		{Work in Progress},
	url =		{https://tools.ietf.org/html/draft-tsvwg-quic-protocol-02},
	author=		{Janardhan Iyengar and Ian Swett and Ryan Hamilton and Alyssa Wilk},
	title=		{{QUIC: A UDP-Based Secure and Reliable Transport for HTTP/2}},
	pagetotal =	37,
	year =		2016,
	month =		jan,
	day =		13
}

@misc{quittner2010tim,
  title={Tim Berners Lee --- Time 100 People of the Century. Time Magazine},
  author={Quittner, Joshua},
  year={2010}
}

@techreport{rfc1945,
   AUTHOR = "Tim Berners-Lee and Roy T. Fielding and Henrik Frystyk Nielsen",
   TITLE = "{Hypertext Transfer Protocol -- HTTP/1.0}",
   HOWPUBLISHED = {Internet Requests for Comments},
   TYPE="{RFC}",
   NUMBER=1945,
   PAGES = {1--60},
   YEAR = {1996},
   MONTH = {May},
   ISSN = {},
   PUBLISHER = "{RFC Editor}",
   INSTITUTION = "{RFC Editor}",
   URL={http://www.rfc-editor.org/rfc/rfc1945.txt}
}

@techreport{rfc2068,
   AUTHOR = "Roy T. Fielding and Jim Gettys and Jeffrey C. Mogul and and Henrik Frystyk Nielsen and Tim Berners-Lee",
   TITLE = "{Hypertext Transfer Protocol -- HTTP/1.0}",
   HOWPUBLISHED = {Internet Requests for Comments},
   TYPE="{RFC}",
   NUMBER=2068,
   PAGES = {1--161},
   YEAR = {1997},
   MONTH = {January},
   ISSN = {},
   PUBLISHER = "{RFC Editor}",
   INSTITUTION = "{RFC Editor}",
   URL={http://www.rfc-editor.org/rfc/rfc2068.txt}
}

@inproceedings{Karger:1997:Consistent,
 author = {Karger, David and Lehman, Eric and Leighton, Tom and Panigrahy, Rina and Levine, Matthew and Lewin, Daniel},
 title = {Consistent Hashing and Random Trees: Distributed Caching Protocols for Relieving Hot Spots on the World Wide Web},
 booktitle = {Proceedings of the Twenty-ninth Annual ACM Symposium on Theory of Computing},
 series = {STOC '97},
 year = {1997},
 isbn = {0-89791-888-6},
 location = {El Paso, Texas, USA},
 pages = {654--663},
 numpages = {10},
 url = {http://doi.acm.org/10.1145/258533.258660},
 doi = {10.1145/258533.258660},
 acmid = {258660},
 publisher = {ACM},
 address = {New York, NY, USA},
} 

@inproceedings{DeCandia:2007:Dynamo,
 author = {DeCandia, Giuseppe and Hastorun, Deniz and Jampani, Madan and Kakulapati, Gunavardhan and Lakshman, Avinash and Pilchin, Alex and Sivasubramanian, Swaminathan and Vosshall, Peter and Vogels, Werner},
 title = {Dynamo: Amazon's Highly Available Key-value Store},
 booktitle = {Proceedings of Twenty-first ACM SIGOPS Symposium on Operating Systems Principles},
 series = {SOSP '07},
 year = {2007},
 isbn = {978-1-59593-591-5},
 location = {Stevenson, Washington, USA},
 pages = {205--220},
 numpages = {16},
 url = {http://doi.acm.org/10.1145/1294261.1294281},
 doi = {10.1145/1294261.1294281},
 acmid = {1294281},
 publisher = {ACM},
 address = {New York, NY, USA},
 keywords = {performance, reliability, scalability},
} 


@article{Weihl:2011:SDC,
 author = {Weihl, Bill and Teetzel, Erik and Clidaras, Jimmy and Malone, Chris and Kava, Joe and Ryan, Michael},
 title = {Sustainable Data Centers},
 journal = {XRDS},
 issue_date = {Summer 2011},
 volume = {17},
 number = {4},
 month = June,
 year = {2011},
 issn = {1528-4972},
 pages = {8--12},
 numpages = {5},
 url = {http://doi.acm.org/10.1145/1961678.1961679},
 doi = {10.1145/1961678.1961679},
 acmid = {1961679},
 publisher = {ACM},
 address = {New York, NY, USA},
} 


@article{Blem:2015:ISA,
 author = {Blem, Emily and Menon, Jaikrishnan and Vijayaraghavan, Thiruvengadam and Sankaralingam, Karthikeyan},
 title = {ISA Wars: Understanding the Relevance of ISA Being RISC or CISC to Performance, Power, and Energy on Modern Architectures},
 journal = {ACM Trans. Comput. Syst.},
 issue_date = {March 2015},
 volume = {33},
 number = {1},
 month = March,
 year = {2015},
 issn = {0734-2071},
 pages = {3:1--3:34},
 articleno = {3},
 numpages = {34},
 url = {http://doi.acm.org/10.1145/2699682},
 doi = {10.1145/2699682},
 acmid = {2699682},
 publisher = {ACM},
 address = {New York, NY, USA},
 keywords = {Power, energy efficiency, technology scaling},
} 


@article{RLC09,
    author = "Dongni Ren and Y.-T. Hillman Li and S.-H. Gary Chan",
    title = "Fast-Mesh: {A} Low-Delay High-Bandwidth Mesh for Peer-to-Peer Live Streaming",
    journal = "IEEE Transactions on Multimedia",
    year = "2009",
    volume = "11",
    number = "8",
    pages = "1446--1456",
    ISSN = "1520-9210", 
    month = "December"
}

@inproceedings{RLC08,
    author = "Dongni Ren and Y.-T. Hillman Li and S.-H. Gary Chan",
    title = "On Reducing Mesh Delay for Peer-to-Peer Live Streaming",
    booktitle = "IEEE INFOCOM", date-added =   "2007-11-07 7:00:00 +0800", date-modified = "2007-11-07 7:00:00 +0800",
    year = "2008",
    address = "Phoenix, Arizona",
    month = "April",
    organization = "IEEE"
}
@article{rxc14, 
    author = "Dongni Ren and Yisheng Xu and S.-H. Gary Chan",
    title = "Beyond 1{M}bps Global Overlay Live Streaming: The Case of  Proxy Helpers",
    journal = "ACM Transactions on Multimedia Computing, Communications and Applications",
    year = "2014",
    volume = "11",
    number = "2",
    pages = "26:1--26:22",
    month = "December"
}
@article{rwc14, 
    author = "Dongni Ren and Wangkit Wong and S.-H. Gary Chan",
    title = "Overlay Live Video Streaming with Heterogeneous Bitrate Requirements",
    journal = "Elsevier Computer Networks",
    year = "2014",
    volume = "74",
    pages = "53--63",
    month = "December"
}

@article{IM09,
    author = "Xing Jin and Kan-Leung Cheng and S.-H. Gary Chan",
    title = "Island {M}ulticast: Combining {IP} Multicast with Overlay Data Distribution",
    journal = "IEEE Transactions on Multimedia",
    year = "2009",
    volume = "11",
    number = "5",
    pages = "1024--1036",
    month = "August",
    doi={10.1109/TMM.2009.2021804}, 
	ISSN={1520-9210}
}

@article{YJC07,
    author = "Wai-Pun Ken Yiu and Xing Jin and S.-H. Gary Chan",
    title = "{VM}esh: Distributed Segment Storage for Peer-to-Peer Interactive Video Streaming",
    journal = "IEEE Journal on Selected Areas in Communications Special Issue on Advances in Peer-to-Peer Streaming Systems",
    year = "2007",
    volume = "25",
    number = "9",
    pages = "1717--31",
    month = "December"
}

@ARTICLE{Anick1982Stochastic, 
	author={D. Anick and D. Mitra and M. M. Sondhi}, 
	journal={The Bell System Technical Journal}, 
	title={Stochastic theory of a data-handling system with multiple sources}, 
	year={1982}, 
	volume={61}, 
	number={8}, 
	pages={1871--1894}, 
	doi={10.1002/j.1538-7305.1982.tb03089.x}, 
	ISSN={0005-8580}, 
	month={October}
}

@ARTICLE{Guerin1991Equivalent, 
	author={R. Guerin and H. Ahmadi and M. Naghshineh}, 
	journal={IEEE Journal on Selected Areas in Communications}, 
	title={Equivalent capacity and its application to bandwidth allocation in high-speed networks}, 
	year={1991}, 
	volume={9}, 
	number={7}, 
	pages={968--981}, 
	doi={10.1109/49.103545}, 
	ISSN={0733-8716}, 
	month={September}
}

@techreport{ecmascriptiso,
  author={{ISO/IEC JTC 1/SC 22}},
  type = {ISO/IEC},
  number = {16262:2011},
  key = {ISO/IEC 16262:2011},
  month = {June},
  year = {2011},
  title = {Information technology -- Programming languages, their environments and system software interfaces -- ECMAScript language specification},
  volume = {2011},
  address = {Geneva, CH},
  institution = {International Organization for Standardization},
  url = {http://www.iso.org/iso/catalogue_detail.htm?csnumber=33835}
}

@article{mpegdash,
  author={{ISO/IEC JTC 1/SC 29}},
  type = {ISO/IEC},
  number = {23009-1:2014},
  key = {ISO/IEC 23009-1:2014},
  month = {May},
  year = {2014},
  title={Information technology -- Dynamic adaptive streaming over HTTP (DASH) -- Part 1: Media presentation description and segment formats},
  volume = {2014},
  address = {Geneva, CH},
  institution = {International Organization for Standardization},
  url = {http://www.iso.org/iso/catalogue_detail.htm?csnumber=65274}
}

@techreport{rfc1654,
   AUTHOR = "Yakov Rekhter and Tony Li",
   TITLE = "{A Border Gateway Protocol 4 (BGP-4)}",
   HOWPUBLISHED = {Internet Requests for Comments},
   TYPE="{RFC}",
   NUMBER=1654,
   PAGES = {1--56},
   YEAR = {1995},
   MONTH = {July},
   ISSN = {2070-1721},
   PUBLISHER = "{RFC Editor}",
   INSTITUTION = "{RFC Editor}",
   URL={http://www.rfc-editor.org/rfc/rfc1654.txt}
}

@article{antoniades2006available,
  title={Available bandwidth measurement as simple as running wget},
  author={Antoniades, Demetres and Athanatos, Manos and Papadogiannakis, Antonis and Markatos, Evangelos P and Dovrolis, Constantine},
  journal={Proc. of Passive and Active Measurement Conference (PAM 2006)},
  pages={61--70},
  year={2006},
  publisher={Citeseer}
}

@inproceedings{Stockhammer:2011,
 author = {Stockhammer, Thomas},
 title = {Dynamic Adaptive Streaming over HTTP --: Standards and Design Principles},
 booktitle = {Proceedings of the Second Annual ACM Conference on Multimedia Systems},
 series = {MMSys '11},
 year = {2011},
 isbn = {978-1-4503-0518-1},
 location = {San Jose, CA, USA},
 pages = {133--144},
 numpages = {12},
 url = {http://doi.acm.org/10.1145/1943552.1943572},
 doi = {10.1145/1943552.1943572},
 acmid = {1943572},
 publisher = {ACM},
 address = {New York, NY, USA},
 keywords = {3gpp, mobile video, standards, streaming, video},
} 

@inproceedings{li2012cloud,
 author = {Li, Zhenhua and Huang, Yan and Liu, Gang and Wang, Fuchen and Zhang, Zhi-Li and Dai, Yafei},
 title = {Cloud Transcoder: Bridging the Format and Resolution Gap Between Internet Videos and Mobile Devices},
 booktitle = {Proceedings of the 22nd International Workshop on Network and Operating System Support for Digital Audio and Video},
 series = {NOSSDAV '12},
 year = {2012},
 isbn = {978-1-4503-1430-5},
 location = {Toronto, Ontario, Canada},
 pages = {33--38},
 numpages = {6},
 url = {http://doi.acm.org/10.1145/2229087.2229097},
 doi = {10.1145/2229087.2229097},
 acmid = {2229097},
 publisher = {ACM},
 address = {New York, NY, USA},
 keywords = {cloud computing, mobile devices, video transcoding},
} 

@ARTICLE{tmm-joint, 
author={Z. Wang and L. Sun and C. Wu and W. Zhu and Q. Zhuang and S. Yang}, 
journal={IEEE Transactions on Multimedia}, 
title={A Joint Online Transcoding and Delivery Approach for Dynamic Adaptive Streaming}, 
year={2015}, 
volume={17}, 
number={6}, 
pages={867--879}, 
doi={10.1109/TMM.2015.2425216}, 
ISSN={1520-9210}, 
month={June},}

@INPROCEEDINGS{lao2012parallelizing, 
author={F. Lao and X. Zhang and Z. Guo}, 
booktitle={2012 IEEE International Symposium on Circuits and Systems}, 
title={Parallelizing video transcoding using Map-Reduce-based cloud computing}, 
year={2012}, 
pages={2905--2908}, 
doi={10.1109/ISCAS.2012.6271923}, 
ISSN={0271-4302}, 
month={May},}

@ARTICLE{cha2009analyzing, 
author={M. Cha and H. Kwak and P. Rodriguez and Y. Y. Ahn and S. Moon}, 
journal={IEEE/ACM Transactions on Networking}, 
title={Analyzing the Video Popularity Characteristics of Large-Scale User Generated Content Systems}, 
year={2009}, 
volume={17}, 
number={5}, 
pages={1357--1370}, 
doi={10.1109/TNET.2008.2011358}, 
ISSN={1063-6692}, 
month={October},}

@Inbook{klaue2003evalvid,
author="Klaue, Jirka
and Rathke, Berthold
and Wolisz, Adam",
editor="Kemper, Peter
and Sanders, William H.",
title="EvalVid -- A Framework for Video Transmission and Quality Evaluation",
bookTitle="Computer Performance Evaluation. Modelling Techniques and Tools: 13th International Conference, TOOLS 2003, Urbana, IL, USA, September 2-5, 2003. Proceedings",
year="2003",
publisher="Springer Berlin Heidelberg",
address="Berlin, Heidelberg",
pages="255--272",
isbn="978-3-540-45232-4",
doi="10.1007/978-3-540-45232-4_16",
url="http://dx.doi.org/10.1007/978-3-540-45232-4_16"
}

@INPROCEEDINGS{wang2002image, 
author={Z. Wang and A. C. Bovik and L. Lu}, 
booktitle={Acoustics, Speech, and Signal Processing (ICASSP), 2002 IEEE International Conference on}, 
title={Why is image quality assessment so difficult?}, 
year={2002}, 
volume={4}, 
pages={IV-3313--IV-3316}, 
keywords={Distortion;Distortion measurement;Instruments}, 
doi={10.1109/ICASSP.2002.5745362}, 
ISSN={1520-6149}, 
month={May},}

@inproceedings{mok2012qdash,
 author = {Mok, Ricky K. P. and Luo, Xiapu and Chan, Edmond W. W. and Chang, Rocky K. C.},
 title = {QDASH: A QoE-aware DASH System},
 booktitle = {Proceedings of the 3rd Multimedia Systems Conference},
 series = {MMSys '12},
 year = {2012},
 isbn = {978-1-4503-1131-1},
 location = {Chapel Hill, North Carolina},
 pages = {11--22},
 numpages = {12},
 url = {http://doi.acm.org/10.1145/2155555.2155558},
 doi = {10.1145/2155555.2155558},
 acmid = {2155558},
 publisher = {ACM},
 address = {New York, NY, USA},
 keywords = {Dynamic Adaptive Streaming over HTTP, H.264/AVC, QoE, available bandwidth, quality adaptation},
} 

@article{pallis2006insight,
 author = {Pallis, George and Vakali, Athena},
 title = {Insight and Perspectives for Content Delivery Networks},
 journal = {Commun. ACM},
 issue_date = {January 2006},
 volume = {49},
 number = {1},
 month = jan,
 year = {2006},
 issn = {0001-0782},
 pages = {101--106},
 numpages = {6},
 url = {http://doi.acm.org/10.1145/1107458.1107462},
 doi = {10.1145/1107458.1107462},
 acmid = {1107462},
 publisher = {ACM},
 address = {New York, NY, USA},
} 

@INPROCEEDINGS{adhikari2012unreeling, 
author={V. K. Adhikari and Yang Guo and Fang Hao and M. Varvello and V. Hilt and M. Steiner and Z. L. Zhang}, 
booktitle={INFOCOM, 2012 Proceedings IEEE}, 
title={Unreeling netflix: Understanding and improving multi-CDN movie delivery}, 
year={2012}, 
pages={1620--1628}, 
doi={10.1109/INFCOM.2012.6195531}, 
ISSN={0743-166X}, 
month={March},}

@inproceedings{wu2009streaming,
 author = {Wu, Nan and Wen, Mei and Wu, Wei and Ren, Ju and Su, Huayou and Xun, Changqing and Zhang, Chunyuan},
 title = {Streaming HD H.264 Encoder on Programmable Processors},
 booktitle = {Proceedings of the 17th ACM International Conference on Multimedia},
 series = {MM '09},
 year = {2009},
 isbn = {978-1-60558-608-3},
 location = {Beijing, China},
 pages = {371--380},
 numpages = {10},
 url = {http://doi.acm.org/10.1145/1631272.1631324},
 doi = {10.1145/1631272.1631324},
 acmid = {1631324},
 publisher = {ACM},
 address = {New York, NY, USA},
 keywords = {1080P HD, H.264 encoder, programmable, real-time, stream},
} 

@INPROCEEDINGS{huang2011cloudstream, 
author={Z. Huang and C. Mei and L. E. Li and T. Woo}, 
booktitle={INFOCOM, 2011 Proceedings IEEE}, 
title={CloudStream: Delivering high-quality streaming videos through a cloud-based SVC proxy}, 
year={2011}, 
pages={201--205}, 
doi={10.1109/INFCOM.2011.5935009}, 
ISSN={0743-166X}, 
month={April},}

@inproceedings{cohen2010keeping,
 author = {Cohen, Jeff and Repantis, Thomas and McDermott, Sean and Smith, Scott and Wein, Joel},
 title = {Keeping Track of 70,000+ Servers: The Akamai Query System},
 booktitle = {Proceedings of the 24th International Conference on Large Installation System Administration},
 series = {LISA'10},
 year = {2010},
 location = {San Jose, CA},
 pages = {1--13},
 numpages = {13},
 url = {https://www.usenix.org/conference/lisa10/keeping-track-70000-servers-akamai-query-system},
 acmid = {1924999},
 publisher = {USENIX Association},
 address = {Berkeley, CA, USA},
} 

@INPROCEEDINGS{cheng2007supporting, 
author={B. Cheng and H. Jin and X. Liao}, 
booktitle={2007 IEEE International Conference on Communications}, 
title={Supporting VCR Functions in P2P VoD Services Using Ring-Assisted Overlays}, 
year={2007}, 
pages={1698--1703}, 
doi={10.1109/ICC.2007.284}, 
ISSN={1550-3607}, 
month={June},}

@article{zhang2003time,
title = "Time series forecasting using a hybrid \{ARIMA\} and neural network model ",
journal = "Neurocomputing ",
volume = "50",
number = "",
pages = "159--175",
year = "2003",
note = "",
issn = "0925-2312",
doi = "http://dx.doi.org/10.1016/S0925-2312(01)00702-0",
url = "http://www.sciencedirect.com/science/article/pii/S0925231201007020",
author = "G.Peter Zhang",
keywords = "ARIMA",
}

@inproceedings{huang2008challenges,
 author = {Huang, Yan and Fu, Tom Z.J. and Chiu, Dah-Ming and Lui, John C.S. and Huang, Cheng},
 title = {Challenges, Design and Analysis of a Large-scale P2P-vod System},
 booktitle = {Proceedings of the ACM SIGCOMM 2008 Conference on Data Communication},
 series = {SIGCOMM '08},
 year = {2008},
 isbn = {978-1-60558-175-0},
 location = {Seattle, WA, USA},
 pages = {375--388},
 numpages = {14},
 url = {http://doi.acm.org/10.1145/1402958.1403001},
 doi = {10.1145/1402958.1403001},
 acmid = {1403001},
 publisher = {ACM},
 address = {New York, NY, USA},
 keywords = {content distribution, peer-to-peer/overlay networks, video-on-demand},
} 

@inproceedings{zheng2005distributed,
 author = {Zheng, Changxi and Shen, Guobin and Li, Shipeng},
 title = {Distributed Prefetching Scheme for Random Seek Support in Peer-to-peer Streaming Applications},
 booktitle = {Proceedings of the ACM Workshop on Advances in Peer-to-peer Multimedia Streaming},
 series = {P2PMMS'05},
 year = {2005},
 isbn = {1-59593-248-8},
 location = {Hilton, Singapore},
 pages = {29--38},
 numpages = {10},
 url = {http://doi.acm.org/10.1145/1099384.1099389},
 doi = {10.1145/1099384.1099389},
 acmid = {1099389},
 publisher = {ACM},
 address = {New York, NY, USA},
 keywords = {peer-to-peer streaming, prefetching, random seeking},
} 

@INPROCEEDINGS{liang2012cloud, 
author={L. Liang}, 
booktitle={2012 International Conference on Image Analysis and Signal Processing}, 
title={The cloud video material transfer code system design in the global station network environment}, 
year={2012}, 
pages={1--3}, 
keywords={television;transcoding;video coding;FFMPEG encoding format;MapReduce tool;adaptive video materials;cloud computing technology;cloud video material transfer code system design;distributed client format conversion;global station network environment;radio system;television system;transcoding video material;video broadcasting system;video format conversion;video materials;video segmentation strategy;Business;Media;Production;Streaming media;TV;Transcoding;global station network;mapreduce;the FFMPEG;video transcoding}, 
doi={10.1109/IASP.2012.6425033}, 
ISSN={2156-0110}, 
month={November},}
@inproceedings{Ford:2005:PCA:1247360.1247373,
 author = {Ford, Bryan and Srisuresh, Pyda and Kegel, Dan},
 title = {Peer-to-peer Communication Across Network Address Translators},
 booktitle = {Proceedings of the Annual Conference on USENIX Annual Technical Conference},
 series = {ATEC '05},
 year = {2005},
 location = {Anaheim, CA},
 pages = {13--13},
 numpages = {1},
 url = {http://dl.acm.org/citation.cfm?id=1247360.1247373},
 acmid = {1247373},
 publisher = {USENIX Association},
 address = {Berkeley, CA, USA},
} 

@mastersthesis{sqt2008,
  title = {A Study of P2P Traversal through Symmetric NAT with Random Port Assignment},
  author = {Sheng-Quan Tsai},
  school = {National Central University},
  address = {Taoyuan, TW},
  year = {2008},
  url = {http://ir.lib.ncu.edu.tw:88/thesis/view_etd.asp?URN=955203051}
}

@inproceedings{wei2008new,
  title={A new method for symmetric NAT traversal in UDP and TCP},
  author={Wei, Yuan and Yamada, Daisuke and Yoshida, Suguru and Goto, Shigeki},
  booktitle={Proceedings of the 2008 Asia Pacific Advanced Network (APAN '08) Network Research Workshop},
  pages={11--18},
  month={August},
  year={2008},
  url={https://www.goto.info.waseda.ac.jp/~wei/file/wei-apan-v10.pdf}
}

@inproceedings{Klinec:2014:TSN:2659651.2659698,
 author = {Klinec, Du\v{s}an and Maty\'{a}\v{s}, Vashek},
 title = {Traversing Symmetric NAT with Predictable Port Allocation},
 booktitle = {Proceedings of the 7th International Conference on Security of Information and Networks},
 series = {SIN '14},
 year = {2014},
 isbn = {978-1-4503-3033-6},
 location = {Glasgow, Scotland, UK},
 pages = {543:543--543:548},
 articleno = {543},
 numpages = {6},
 url = {http://doi.acm.org/10.1145/2659651.2659698},
 doi = {10.1145/2659651.2659698},
 acmid = {2659698},
 publisher = {ACM},
 address = {New York, NY, USA},
} 
@inproceedings{Zhang2013Maygh,
 author = {Zhang, Liang and Zhou, Fangfei and Mislove, Alan and Sundaram, Ravi},
 title = {Maygh: Building a CDN from Client Web Browsers},
 booktitle = {Proceedings of the 8th ACM European Conference on Computer Systems},
 series = {EuroSys '13},
 year = {2013},
 isbn = {978-1-4503-1994-2},
 location = {Prague, Czech Republic},
 pages = {281--294},
 numpages = {14},
 url = {http://doi.acm.org/10.1145/2465351.2465379},
 doi = {10.1145/2465351.2465379},
 acmid = {2465379},
 publisher = {ACM},
 address = {New York, NY, USA},
 keywords = {JavaScript, content distribution network, distributed},
} 

@misc{bu2013peerjs,
  title={PeerJS: peer-to-peer data in the web browser},
  author={Michelle Bu and Eric Zhang},
  year={2013},
  url={http://peerjs.com}
}

@inproceedings{Perino:2011:CCN,
 author = {Perino, Diego and Varvello, Matteo},
 title = {A Reality Check for Content Centric Networking},
 booktitle = {Proceedings of the ACM SIGCOMM Workshop on Information-centric Networking},
 series = {ICN '11},
 year = {2011},
 isbn = {978-1-4503-0801-4},
 location = {Toronto, Ontario, Canada},
 pages = {44--49},
 numpages = {6},
 url = {http://doi.acm.org/10.1145/2018584.2018596},
 doi = {10.1145/2018584.2018596},
 acmid = {2018596},
 publisher = {ACM},
 address = {New York, NY, USA},
 keywords = {ccn, router},
} 

@ARTICLE{Xylomenos2014ICN, 
author={G. Xylomenos and C. N. Ververidis and V. A. Siris and N. Fotiou and C. Tsilopoulos and X. Vasilakos and K. V. Katsaros and G. C. Polyzos}, 
journal={IEEE Communications Surveys Tutorials}, 
title={A Survey of Information-Centric Networking Research}, 
year={2014}, 
volume={16}, 
number={2}, 
pages={1024--1049}, 
doi={10.1109/SURV.2013.070813.00063}, 
ISSN={1553-877X}, 
month={Second},}

@article{Li:2013:TDI:2523001.2505805,
 author = {Li, Baochun and Wang, Zhi and Liu, Jiangchuan and Zhu, Wenwu},
 title = {Two Decades of Internet Video Streaming: A Retrospective View},
 journal = {ACM Trans. Multimedia Comput. Commun. Appl.},
 issue_date = {October 2013},
 volume = {9},
 number = {1s},
 month = October,
 year = {2013},
 issn = {1551-6857},
 pages = {33:1--33:20},
 articleno = {33},
 numpages = {20},
 url = {http://doi.acm.org/10.1145/2505805},
 doi = {10.1145/2505805},
 acmid = {2505805},
 publisher = {ACM},
 address = {New York, NY, USA},
 keywords = {HTTP streaming, P2P streaming, Video streaming, cloud computing, multicast, multimedia streaming, social media},
} 

@article{Zhang20123548,
title = "A Survey of Peer-to-peer Live Video Streaming Schemes - An Algorithmic Perspective",
journal = "Computer Networks ",
volume = "56",
number = "15",
pages = "3548--3579",
year = "2012",
note = "",
issn = "1389-1286",
doi = "http://dx.doi.org/10.1016/j.comnet.2012.06.013",
url = "http://www.sciencedirect.com/science/article/pii/S1389128612002393",
author = "Xiangyang Zhang and Hossam Hassanein",
keywords = "Peer-to-Peer network",
keywords = "Live video streaming",
keywords = "Algorithm "
}

@ARTICLE{6819466, 
author={Yipeng Zhou and Fu, T.Z.J. and Dah Ming Chiu}, 
journal={Networking, IEEE/ACM Transactions on}, 
title={A Unifying Model and Analysis of P2P VoD Replication and Scheduling}, 
year={2015}, 
volume={23}, 
number={4}, 
pages={1163--1175}, 
doi={10.1109/TNET.2014.2321422}, 
ISSN={1063-6692}, 
month={August},}

@INPROCEEDINGS{5363215, 
author={Ouali, A. and Kerherve, B. and Jaumard, B.}, 
booktitle={Multimedia, 2009. ISM '09. 11th IEEE International Symposium on}, 
title={Revisiting Peering Strategies in Push-Pull Based P2P Streaming Systems}, 
year={2009}, 
pages={350--357}, 
doi={10.1109/ISM.2009.120}, 
month={December},}

@misc{webrtc_samples,
  title={WebRTC Samples},
  author={Google WebRTC Team},
  url={https://github.com/webrtc/samples},
}

@misc{thunder_ceo,
	title={Xunlei Appoints Co-Chief Executive Officer},
	author={Nasdaq},
	url={http://globenewswire.com/news-release/2015/11/18/788559/0/en/Xunlei-Announces-Unaudited-Quarterly-Results-and-Appoints-Co-Chief-Executive-Officer.html},
	year={2015},
}

@misc{thunder_pro,
	title={Xunlei ZhuanQianBao Pro},
	author={Thunder},
	url={https://mp.weixin.qq.com/s?__biz=MjM5MDg2ODQ1OQ==&mid=400996880&idx=1&sn=3f96f396b93216308977aeea1e7e8091},
	year={2015},
}

@misc{thunder_troops,
	title={Xunlei and Its Hundreds of Thousands of Troops},
	author={LeiPhone},
	url={http://www.leiphone.com/news/201511/MCqoo0RHBLjk7Vut.html},
	year={2015},
}

@INPROCEEDINGS{5935322, 
	author={Yipeng Zhou and Fu, T.Z.J. and Dah Ming Chiu}, 
	booktitle={INFOCOM, 2011 Proceedings IEEE}, 
	title={Statistical modeling and analysis of P2P replication to support VoD service}, 
	year={2011}, 
	pages={945--953}, 
	keywords={peer-to-peer computing;sensitivity analysis;statistical analysis;video on demand;video servers;video streaming;VoD service;generic replication algorithm;peer-to-peer replication;random demand models;sensitivity analysis;statistical analysis;statistical modeling;storage capacity;video playback rate;video server bandwidth;video streaming;video-on-demand;Bandwidth;Correlation;Load modeling;Motion pictures;Peer to peer computing;Servers;Streaming media}, 
	doi={10.1109/INFCOM.2011.5935322}, 
	ISSN={0743-166X}, 
	month={April},}

@INPROCEEDINGS{5062220, 
	author={Di Wu and Chao Liang and Yong Liu and Ross, K.}, 
	booktitle={INFOCOM 2009, IEEE}, 
	title={View-Upload Decoupling: A Redesign of Multi-Channel P2P Video Systems}, 
	year={2009}, 
	pages={2726--2730}, 
	keywords={bandwidth allocation;peer-to-peer computing;resource allocation;video communication;PlanetLab;bandwidth allocation algorithms;channel churn;channel switching delays;channel-resource imbalance;cross-channel P2P streaming framework;cross-channel resource sharing;long playback lags;multichannel live P2P video systems;peer assignment;view-upload decoupling;Bandwidth;Cable TV;Chaotic communication;Communications Society;Current measurement;Delay systems;Extraterrestrial measurements;Information science;Streaming media;Switches}, 
	doi={10.1109/INFCOM.2009.5062220}, 
	ISSN={0743-166X}, 
	month={April},}

@INPROCEEDINGS{5061908, 
	author={Di Wu and Yong Liu and Ross, K.W.}, 
	booktitle={INFOCOM 2009, IEEE}, 
	title={Queuing Network Models for Multi-Channel P2P Live Streaming Systems}, 
	year={2009}, 
	pages={73--81}, 
	keywords={peer-to-peer computing;queueing theory;video streaming;isolated channel design;multichannel P2P live streaming systems;multichannel video systems;peer-to-peer computing;queuing network models;view-upload decoupling design;Bandwidth;Communications Society;Computer networks;Delay;ISO;Information science;Large-scale systems;Streaming media;Switches;USA Councils}, 
	doi={10.1109/INFCOM.2009.5061908}, 
	ISSN={0743-166X}, 
	month={April},}

@INPROCEEDINGS{5062193, 
	author={Jiahua Wu and Baochun Li}, 
	booktitle={INFOCOM 2009, IEEE}, 
	title={Keep Cache Replacement Simple in Peer-Assisted VoD Systems}, 
	year={2009}, 
	pages={2591--2595}, 
	keywords={cache storage;peer-to-peer computing;real-time systems;video on demand;video servers;PPLive;cache replacement algorithm;dynamic programming;least recently used;media segment;optimal control theory;peer upload bandwidth contributions;peer-assisted VoD systems;peer-assisted video-on-demand systems;real- world streaming systems;server bandwidth;Algorithm design and analysis;Analytical models;Bandwidth;Costs;Dynamic programming;Large-scale systems;Optimal control;Performance analysis;Stochastic processes;Streaming media}, 
	doi={10.1109/INFCOM.2009.5062193}, 
	ISSN={0743-166X}, 
	month={April},}

@ARTICLE{4395129, 
	author={Kyoungwon Suh and Diot, C. and Kurose, J. and Massoulie, L. and Neumann, C. and Towsley, D. and Varvello, M.}, 
	journal={Selected Areas in Communications, IEEE Journal on}, 
	title={Push-to-Peer Video-on-Demand System: Design and Evaluation}, 
	year={2007}, 
	volume={25}, 
	number={9}, 
	pages={1706--1716}, 
	keywords={peer-to-peer computing;resource allocation;video on demand;content placement;distributed load balancing;peer to peer transfers;peer uplink bandwidth;push service;push to peer video on demand system;randomized peer selection;rateless coding}, 
	doi={10.1109/JSAC.2007.071209}, 
	ISSN={0733-8716}, 
	month={December},}

@ARTICLE{He20141721,
	author={He Y. and Xiong Z. and Tan X.},
	title={Optimal rate allocation for ISP-friendly P2P VoD systems},
	journal={Journal of Networks},
	year={2014},
	volume={9},
	number={7},
	pages={1721--1731},
	doi={10.4304/jnw.9.7.1721-1731},
	url={http://www.scopus.com/inward/record.url?eid=2-s2.0-84904003426&partnerID=40&md5=0f1a2d0e4dc61edb79071859c3c51537},
	document_type={Article},
	source={Scopus},
}

@ARTICLE{6179324, 
	author={Seibert, J. and Torres, R. and Mellia, M. and Munafo, M. M. and Nita-Rotaru, C. and Rao, S.}, 
	journal={Networking, IEEE/ACM Transactions on}, 
	title={The Internet-Wide Impact of P2P Traffic Localization on ISP Profitability}, 
	year={2012}, 
	volume={20}, 
	number={6}, 
	pages={1910--1923}, 
	keywords={Bandwidth;Gravity;Internet;Peer to peer computing;Predictive models;Pricing;Routing;ISP profit;localization;peer-to-peer (P2P)}, 
	doi={10.1109/TNET.2012.2190093}, 
	ISSN={1063-6692}, 
	month={December},}

@ARTICLE{1258112, 
	author={Xin Yan Zhang and Qian Zhang and Zhensheng Zhang and Gang Song and Zhu, Wenwu}, 
	journal={Selected Areas in Communications, IEEE Journal on}, 
	title={A construction of locality-aware overlay network: mOverlay and its performance}, 
	year={2004}, 
	volume={22}, 
	number={1}, 
	pages={18--28}, 
	keywords={computer networks;network topology;telecommunication network planning;application-level multicasting;central directory servers;distributed hash tables;locality-aware overlay network construction;mOverlay;media distribution;media streaming;message flooding;network design guidelines;network locality;network topology;peer-to-peer overlay architectures;Algorithm design and analysis;Analytical models;Asia;Costs;Degradation;Guidelines;Network servers;Peer to peer computing;Performance analysis;Streaming media}, 
	doi={10.1109/JSAC.2003.818780}, 
	ISSN={0733-8716}, 
	month={Jan},}
	
@article{index2013forecast,
  title={Forecast and Methodology, 2012--2017},
  author={Index, Cisco Visual Networking},
  journal={White Paper},
  year={2013},
  url={http://www.cisco.com/en/US/solutions/collateral/ns341/ns525/ns537/ns705/ns827/white_paper_c11-481360.pdf}
}

@article{10.1109/TPDS.2006.159,
author = {Jiani Guo and Laxmi Narayan Bhuyan},
title = {Load Balancing in a Cluster-Based Web Server for Multimedia Applications},
journal ={IEEE Transactions on Parallel and Distributed Systems},
volume = {17},
number = {11},
issn = {1045-9219},
year = {2006},
pages = {1321--1334},
doi = {http://doi.ieeecomputersociety.org/10.1109/TPDS.2006.159},
publisher = {IEEE Computer Society},
address = {Los Alamitos, CA, USA},
}

@inproceedings{SanchezdelaFuente:2011:IID:1943552.1943586,
 author = {S\'{a}nchez de la Fuente, Yago and Schierl, Thomas and Hellge, Cornelius and Wiegand, Thomas and Hong, Dohy and De Vleeschauwer, Danny and Van Leekwijck, Werner and Le Lou{\'e}dec, Yannick},
 title = {iDASH: Improved Dynamic Adaptive Streaming over HTTP Using Scalable Video Coding},
 booktitle = {Proceedings of the Second Annual ACM Conference on Multimedia Systems},
 series = {MMSys '11},
 year = {2011},
 isbn = {978-1-4503-0518-1},
 location = {San Jose, CA, USA},
 pages = {257--264},
 numpages = {8},
 url = {http://doi.acm.org/10.1145/1943552.1943586},
 doi = {10.1145/1943552.1943586},
 acmid = {1943586},
 publisher = {ACM},
 address = {New York, NY, USA},
 keywords = {adaptive, http streaming, svc, video on demand},
} 

@inproceedings{hong:inria-00597186,
    hal_id = {inria-00597186},
    url = {http://hal.inria.fr/inria-00597186},
    title = {{A chunk-based caching algorithm for streaming video}},
    author = {Hong, Dohy and De Vleeschauwer, Danny and Baccelli, Fran{\c c}ois},
    abstract = {{It is customary nowadays that large web objects are cached somewhere close to the user. This saves traffic upstream of the cache and offers the users a better responsiveness. Caching algorithms typically rank the objects in some way and cache the top-ranked objects. In this paper we study a scenario in which a requested video is (instantaneously) streamed to the user and in which the video library is highly dynamic: new videos are frequently introduced, get popular, get consumed and fade away. Caching streaming videos differs from caching traditional web objects as the former are consumed as their information trickles in, while the latter have to be downloaded (almost) completely before they can be consumed. We develop a caching algorithm specifically for streaming video taking into account the dynamicity of the library. First we make sure that its ranking algorithm can follow the dynamicity of the library (better than traditional algorithms can). Second we segment each video in chunks and propose a new algorithm to rank these chunks. We compare the performance of caching based on this new ranking algorithm with traditional caching algorithms and show that chunking is most beneficial.}},
    keywords = {caching ; popularity ; streaming},
    language = {Anglais},
    affiliation = {N2Nsoft , Alcatel Lucent Bell Labs , SMACS Research Group , Department of Computer Science},
    booktitle = {{NET-COOP 2010 - 4th Workshop on Network Control and Optimization}},
    address = {Gent, Belgique},
    note = {Session 05 : Streaming applications },
    year = {2010},
    month = November,
}

@inproceedings{vogt2013content,
  title={Content-centric User Networks: WebRTC as a Path to Name-based Publishing},
  author={Vogt, Christian and Werner, Max Jonas and Schmidt, Thomas C},
  booktitle={21st IEEE Intern. Conf. on Network Protocols (ICNP 2013), PhD Forum},
  series = {ICNP 2013},
  location = {Piscataway, NJ, USA},
  publisher = {IEEEPress},
  url={http://inet.cpt.haw-hamburg.de/papers/vws-cunwp-13.pdf},
  year={2013},
}

@inproceedings{vws-lwpcd-13,
  title = {Leveraging WebRTC for P2P Content Distribution in Web Browsers},
  author={Vogt, Christian and Werner, Max Jonas and Schmidt, Thomas C},
  booktitle = {21st IEEE Intern. Conf. on Network Protocols (ICNP 2013), Demo Session},
  series = {ICNP 2013},
  location = {Goettingen, Germany},
  month = {Oct.},
  year = {2013},
  publisher = {IEEEPress},
  address = {Piscataway, NJ, USA},
  note = {ICNP Best Demo Award},
  url = {http://inet.cpt.haw-hamburg.de/papers/vws-lwpcd-13.pdf}
}

@inproceedings{nikolaoucooperative,
  title={Cooperative client caching strategies for social and web applications},
  author={Nikolaou, Stavros and van Renesse, Robbert and Schiper, Nicolas},
  booktitle={7th ACM SIGOPS/SIGACT Workshop on Large-Scale Distributed Systems and Middleware},
  series={LADIS '13},
  year = {2013},
  url={http://ladisworkshop.org/papers/LADIS_2013_submission_6_camera_ready.pdf}
}

@inproceedings{Wang:2012:PSR:2393347.2393359,
 author = {Wang, Zhi and Sun, Lifeng and Chen, Xiangwen and Zhu, Wenwu and Liu, Jiangchuan and Chen, Minghua and Yang, Shiqiang},
 title = {Propagation-based social-aware replication for social video contents},
 booktitle = {Proceedings of the 20th ACM international conference on Multimedia},
 series = {MM '12},
 year = {2012},
 isbn = {978-1-4503-1089-5},
 location = {Nara, Japan},
 pages = {29--38},
 numpages = {10},
 url = {http://doi.acm.org/10.1145/2393347.2393359},
 doi = {10.1145/2393347.2393359},
 acmid = {2393359},
 publisher = {ACM},
 address = {New York, NY, USA},
 keywords = {hybrid edge-cloud and P2P, social network, video replication},
}

@article{Dobrian:2013:UIV:2428556.2428577,
 author = {Dobrian, Florin and Awan, Asad and Joseph, Dilip and Ganjam, Aditya and Zhan, Jibin and Sekar, Vyas and Stoica, Ion and Zhang, Hui},
 title = {Understanding the Impact of Video Quality on User Engagement},
 journal = {Commun. ACM},
 issue_date = {March 2013},
 volume = {56},
 number = {3},
 month = March,
 year = {2013},
 issn = {0001-0782},
 pages = {91--99},
 numpages = {9},
 url = {http://doi.acm.org/10.1145/2428556.2428577},
 doi = {10.1145/2428556.2428577},
 acmid = {2428577},
 publisher = {ACM},
 address = {New York, NY, USA},
} 

@inproceedings{Hwang:2012:LVV:2342108.2342113,
 author = {Hwang, K. -W. and Applegate, D. and Archer, A. and Gopalakrishnan, V. and Lee, S. and Misra, V. and Ramakrishnan, K. K. and Swayne, D. F.},
 title = {Leveraging video viewing patterns for optimal content placement},
 booktitle = {Proceedings of the 11th international IFIP TC 6 conference on Networking - Volume Part II},
 series = {IFIP'12},
 year = {2012},
 isbn = {978-3-642-30053-0},
 location = {Prague, Czech Republic},
 pages = {44--58},
 numpages = {15},
 url = {http://dx.doi.org/10.1007/978-3-642-30054-7_4},
 doi = {10.1007/978-3-642-30054-7_4},
 acmid = {2342113},
 publisher = {Springer-Verlag},
 address = {Berlin, Heidelberg},
 keywords = {content placement, user viewing pattern, video-on-demand},
}


@inproceedings{Krishnappa:2013:CVR:2483977.2484008,
 author = {Krishnappa, Dilip Kumar and Zink, Michael and Griwodz, Carsten and Halvorsen, P{\aa}l},
 title = {Cache-centric Video Recommendation: An Approach to Improve the Efficiency of YouTube Caches},
 booktitle = {Proceedings of the 4th ACM Multimedia Systems Conference},
 series = {MMSys '13},
 year = {2013},
 isbn = {978-1-4503-1894-5},
 location = {Oslo, Norway},
 pages = {261--270},
 numpages = {10},
 url = {http://doi.acm.org/10.1145/2483977.2484008},
 doi = {10.1145/2483977.2484008},
 acmid = {2484008},
 publisher = {ACM},
 address = {New York, NY, USA},
 keywords = {YouTube, caching, recommendation},
} 

@inproceedings{Cha:2007:ITY:1298306.1298309,
 author = {Cha, Meeyoung and Kwak, Haewoon and Rodriguez, Pablo and Ahn, Yong-Yeol and Moon, Sue},
 title = {I Tube, You Tube, Everybody Tubes: Analyzing the World's Largest User Generated Content Video System},
 booktitle = {Proceedings of the 7th ACM SIGCOMM Conference on Internet Measurement},
 series = {IMC '07},
 year = {2007},
 isbn = {978-1-59593-908-1},
 location = {San Diego, California, USA},
 pages = {1--14},
 numpages = {14},
 url = {http://doi.acm.org/10.1145/1298306.1298309},
 doi = {10.1145/1298306.1298309},
 acmid = {1298309},
 publisher = {ACM},
 address = {New York, NY, USA},
 keywords = {caching, content aliasing, long tail, p2p, popularity analysis, power-law, user generated content, vod},
} 

@inproceedings{Kang:2008:UIV:1367497.1367674,
 author = {Kang, Xiaozhu and Zhang, Hui and Jiang, Guofei and Chen, Haifeng and Meng, Xiaoqiao and Yoshihira, Kenji},
 title = {Understanding Internet Video Sharing Site Workload: A View from Data Center Design},
 booktitle = {Proceedings of the 17th International Conference on World Wide Web},
 series = {WWW '08},
 year = {2008},
 isbn = {978-1-60558-085-2},
 location = {Beijing, China},
 pages = {1097--1098},
 numpages = {2},
 url = {http://doi.acm.org/10.1145/1367497.1367674},
 doi = {10.1145/1367497.1367674},
 acmid = {1367674},
 publisher = {ACM},
 address = {New York, NY, USA},
 keywords = {capacity planning, data center design, measurement, online video, queueing model, sla, workload management},
} 

@inproceedings{Feng:2012:JMC:2393347.2393388,
 author = {Feng, Yuan and Li, Baochun and Li, Bo},
 title = {Jetway: Minimizing Costs on Inter-datacenter Video Traffic},
 booktitle = {Proceedings of the 20th ACM International Conference on Multimedia},
 series = {MM '12},
 year = {2012},
 isbn = {978-1-4503-1089-5},
 location = {Nara, Japan},
 pages = {259--268},
 numpages = {10},
 url = {http://doi.acm.org/10.1145/2393347.2393388},
 doi = {10.1145/2393347.2393388},
 acmid = {2393388},
 publisher = {ACM},
 address = {New York, NY, USA},
 keywords = {flow optimization, inter-datacenter traffic},
} 

@inproceedings{Kennedy:2013:ETS:2509916.2509920,
 author = {Kennedy, Lyndon},
 title = {Emerging Trends in Social Multimedia},
 booktitle = {Proceedings of the 2Nd International Workshop on Socially-aware Multimedia},
 series = {SAM '13},
 year = {2013},
 isbn = {978-1-4503-2394-9},
 location = {Barcelona, Spain},
 pages = {25--26},
 numpages = {2},
 url = {http://doi.acm.org/10.1145/2509916.2509920},
 doi = {10.1145/2509916.2509920},
 acmid = {2509920},
 publisher = {ACM},
 address = {New York, NY, USA},
 keywords = {social media},
}

@inproceedings{Megiddo:2003:ASL:1090694.1090708,
 author = {Megiddo, Nimrod and Modha, Dharmendra S.},
 title = {ARC: A Self-Tuning, Low Overhead Replacement Cache},
 booktitle = {Proceedings of the 2nd USENIX Conference on File and Storage Technologies},
 series = {FAST '03},
 year = {2003},
 location = {San Francisco, CA},
 pages = {115--130},
 numpages = {16},
 url = {http://dl.acm.org/citation.cfm?id=1090694.1090708},
 acmid = {1090708},
 publisher = {USENIX Association},
 address = {Berkeley, CA, USA},
}

@inproceedings{Kuang:2011:EEA:2065093.2065218,
 author = {Kuang, Jilong and Bhuyan, Laxmi and Xie, Haiyong and Guo, Danhua},
 title = {E-AHRW: An Energy-Efficient Adaptive Hash Scheduler for Stream Processing on Multi-core Servers},
 booktitle = {Proceedings of the 2011 ACM/IEEE Seventh Symposium on Architectures for Networking and Communications Systems},
 series = {ANCS '11},
 year = {2011},
 isbn = {978-0-7695-4521-9},
 pages = {45--56},
 numpages = {12},
 url = {http://dx.doi.org/10.1109/ANCS.2011.15},
 doi = {10.1109/ANCS.2011.15},
 acmid = {2065218},
 publisher = {IEEE Computer Society},
 address = {Washington, DC, USA},
 keywords = {Energy efficiency, HRW hashing, stream processing, multicore architecture},
}
 
@inproceedings{Liu:2013:WYS:2502081.2502126,
 author = {Liu, Luoqi and Xu, Hui and Xing, Junliang and Liu, Si and Zhou, Xi and Yan, Shuicheng},
 title = {"Wow! You Are So Beautiful Today!"},
 booktitle = {Proceedings of the 21st ACM International Conference on Multimedia},
 series = {MM '13},
 year = {2013},
 isbn = {978-1-4503-2404-5},
 location = {Barcelona, Spain},
 pages = {3--12},
 numpages = {10},
 url = {http://doi.acm.org/10.1145/2502081.2502126},
 doi = {10.1145/2502081.2502126},
 acmid = {2502126},
 publisher = {ACM},
 address = {New York, NY, USA},
 keywords = {beauty recommendation, beauty synthesis, multiple tree-structured super-graphs model},
} 

@inproceedings{Ryu:2013:FMS:2502081.2502122,
 author = {Ryu, Moonkyung and Ramachandran, Umakishore},
 title = {FlashStream: A Multi-tiered Storage Architecture for Adaptive HTTP Streaming},
 booktitle = {Proceedings of the 21st ACM International Conference on Multimedia},
 series = {MM '13},
 year = {2013},
 isbn = {978-1-4503-2404-5},
 location = {Barcelona, Spain},
 pages = {313--322},
 numpages = {10},
 url = {http://doi.acm.org/10.1145/2502081.2502122},
 doi = {10.1145/2502081.2502122},
 acmid = {2502122},
 publisher = {ACM},
 address = {New York, NY, USA},
 keywords = {adaptive http streaming, flash memory, solid-state drive, storage, video-on-demand},
} 

@inproceedings{Zhao:2013:JJR:2502081.2502090,
 author = {Zhao, Zhen Wei and Ooi, Wei Tsang},
 title = {Joserlin: Joint Request and Service Scheduling for Peer-to-peer Non-linear Media Access},
 booktitle = {Proceedings of the 21st ACM International Conference on Multimedia},
 series = {MM '13},
 year = {2013},
 isbn = {978-1-4503-2404-5},
 location = {Barcelona, Spain},
 pages = {303--312},
 numpages = {10},
 url = {http://doi.acm.org/10.1145/2502081.2502090},
 doi = {10.1145/2502081.2502090},
 acmid = {2502090},
 publisher = {ACM},
 address = {New York, NY, USA},
 keywords = {non-linear access pattern, on-demand request, peer-to-peer, prefetch request, scheduling, service scheduling},
} 
@inproceedings{Zhang:2013:TPH:2502081.2502091,
 author = {Zhang, Lei and Zhang, Yongdong and Tang, Jinhui and Gu, Xiaoguang and Li, Jintao and Tian, Qi},
 title = {Topology Preserving Hashing for Similarity Search},
 booktitle = {Proceedings of the 21st ACM International Conference on Multimedia},
 series = {MM '13},
 year = {2013},
 isbn = {978-1-4503-2404-5},
 location = {Barcelona, Spain},
 pages = {123--132},
 numpages = {10},
 url = {http://doi.acm.org/10.1145/2502081.2502091},
 doi = {10.1145/2502081.2502091},
 acmid = {2502091},
 publisher = {ACM},
 address = {New York, NY, USA},
 keywords = {approximate nearest neighbor search, binary hashing, similarity search, topology preserving hashing},
} 

@inproceedings{Wang:2013:OPH:2502081.2502100,
 author = {Wang, Jianfeng and Wang, Jingdong and Yu, Nenghai and Li, Shipeng},
 title = {Order Preserving Hashing for Approximate Nearest Neighbor Search},
 booktitle = {Proceedings of the 21st ACM International Conference on Multimedia},
 series = {MM '13},
 year = {2013},
 isbn = {978-1-4503-2404-5},
 location = {Barcelona, Spain},
 pages = {133--142},
 numpages = {10},
 url = {http://doi.acm.org/10.1145/2502081.2502100},
 doi = {10.1145/2502081.2502100},
 acmid = {2502100},
 publisher = {ACM},
 address = {New York, NY, USA},
 keywords = {approximate nearest neighbor search, learning to hash, order preserving hashing},
} 

@inproceedings{Zhu:2013:LCH:2502081.2502107,
 author = {Zhu, Xiaofeng and Huang, Zi and Shen, Heng Tao and Zhao, Xin},
 title = {Linear Cross-modal Hashing for Efficient Multimedia Search},
 booktitle = {Proceedings of the 21st ACM International Conference on Multimedia},
 series = {MM '13},
 year = {2013},
 isbn = {978-1-4503-2404-5},
 location = {Barcelona, Spain},
 pages = {143--152},
 numpages = {10},
 url = {http://doi.acm.org/10.1145/2502081.2502107},
 doi = {10.1145/2502081.2502107},
 acmid = {2502107},
 publisher = {ACM},
 address = {New York, NY, USA},
 keywords = {cross-modal, hashing, index, multimedia search},
} 

@Inbook{Perceptual2001,
author="M{\i}h{\c{c}}ak, M. Kivan{\c{c}}
and Venkatesan, Ramarathnam",
editor="Moskowitz, Ira S.",
title="A Perceptual Audio Hashing Algorithm: A Tool for Robust Audio Identification and Information Hiding",
bookTitle="Information Hiding: 4th International Workshop, IH 2001 Pittsburgh, PA, USA, April 25--27, 2001 Proceedings",
year="2001",
publisher="Springer Berlin Heidelberg",
address="Berlin, Heidelberg",
pages="51--65",
isbn="978-3-540-45496-0",
doi="10.1007/3-540-45496-9_5",
url="http://dx.doi.org/10.1007/3-540-45496-9_5"
}

@Inbook{Perceptual2002,
author="M{\i}h{\c{c}}ak, M. K{\i}van{\c{c}}
and Venkatesan, Ramarathnam",
editor="Sander, Tomas",
title="New Iterative Geometric Methods for Robust Perceptual Image Hashing",
bookTitle="Security and Privacy in Digital Rights Management: ACM CCS-8 Workshop DRM 2001 Philadelphia, PA, USA, November 5, 2001 Revised Papers",
year="2002",
publisher="Springer Berlin Heidelberg",
address="Berlin, Heidelberg",
pages="13--21",
isbn="978-3-540-47870-6",
doi="10.1007/3-540-47870-1_2",
url="http://dx.doi.org/10.1007/3-540-47870-1_2"
}

@ARTICLE{1709989, 
author={Monga, V. and Evans, B.L.}, 
journal={Image Processing, IEEE Transactions on}, 
title={Perceptual Image Hashing Via Feature Points: Performance Evaluation and Tradeoffs}, 
year={2006}, 
volume={15}, 
number={11}, 
pages={3452--3465}, 
keywords={cryptography;data compression;feature extraction;image coding;iterative methods;probability;statistical analysis;compression;geometric distortions;iterative feature detector;perceptual image hashing;probabilistic quantization;receiver operating characteristic;statistical analysis;Computer vision;Detectors;Distortion;Feature extraction;Geometry;Image coding;Iterative algorithms;Quantization;Robustness;Statistical analysis;Feature extraction;hashing;image authentication;image indexing}, 
doi={10.1109/TIP.2006.881948}, 
ISSN={1057-7149},}

@INPROCEEDINGS{4284791, 
author={Li Weng and Preneel, B.}, 
booktitle={Multimedia and Expo, 2007 IEEE International Conference on}, 
title={Attacking Some Perceptual Image Hash Algorithms}, 
year={2007}, 
pages={879--882}, 
keywords={authorisation;cryptography;image coding;authentic distortion;enhancement framework;information extraction;malicious distortion detection;multimedia content authentication;perceptual hashing;perceptual image hash algorithms;secret key;Algorithm design and analysis;Authentication;Counterfeiting;Cryptography;Data mining;Feature extraction;Government;Protection;Quantization;Robustness}, 
doi={10.1109/ICME.2007.4284791},}

@inproceedings{Zhou:2005:PHV:2101696.2101709,
 author = {Zhou, Xuebing and Schmucker, Martin and Brown, Christopher L.},
 title = {Perceptual Hashing of Video Content Based on Differential Block Similarity},
 booktitle = {Proceedings of the 2005 International Conference on Computational Intelligence and Security - Volume Part II},
 series = {CIS'05},
 year = {2005},
 isbn = {3-540-30819-9, 978-3-540-30819-5},
 location = {Xi'an, China},
 pages = {80--85},
 numpages = {6},
 url = {http://dx.doi.org/10.1007/11596981_12},
 doi = {10.1007/11596981_12},
 acmid = {2101709},
 publisher = {Springer-Verlag},
 address = {Berlin, Heidelberg},
} 

@inproceedings{zhou2006video,
  title={Video Perceptual Hashing Using Interframe Similarity.},
  author={Zhou, Xuebing and Schmucker, Martin and Brown, Christopher L},
  booktitle={Sicherheit},
  pages={107--110},
  publisher = {GI},
  series = {LNI},
  volume = {77},
  url={http://subs.emis.de/LNI/Proceedings/Proceedings77/GI-Proceedings-77-13.pdf},
  year={2006}
}
@article{Dufaux:2009:DVC:1608900.1844738,
 author = {Dufaux, Frederic and Gao, Wen and Tubaro, Stefano and Vetro, Anthony},
 title = {Distributed Video Coding: Trends and Perspectives},
 journal = {J. Image Video Process.},
 issue_date = {January 2009},
 volume = {2009},
 month = February,
 year = {2009},
 issn = {1687-5176},
 pages = {10:1--10:13},
 articleno = {10},
 numpages = {13},
 url = {http://dx.doi.org/10.1155/2009/508167},
 doi = {10.1155/2009/508167},
 acmid = {1844738},
 publisher = {Hindawi Publishing Corp.},
 address = {New York, NY, United States},
} 
@article{Speed16122011,
author = {Speed, Terry}, 
title = {A Correlation for the 21st Century},
volume = {334}, 
number = {6062}, 
pages = {1502--1503}, 
year = {2011}, 
doi = {10.1126/science.1215894}, 
URL = {http://www.sciencemag.org/content/334/6062/1502.short}, 
eprint = {http://www.sciencemag.org/content/334/6062/1502.full.pdf}, 
journal = {Science} 
}

@article{Reshef16122011,
author = {Reshef, David N. and Reshef, Yakir A. and Finucane, Hilary K. and Grossman, Sharon R. and McVean, Gilean and Turnbaugh, Peter J. and Lander, Eric S. and Mitzenmacher, Michael and Sabeti, Pardis C.}, 
title = {Detecting Novel Associations in Large Data Sets},
volume = {334}, 
number = {6062}, 
pages = {1518--1524}, 
year = {2011}, 
doi = {10.1126/science.1205438}, 
abstract ={Identifying interesting relationships between pairs of variables in large data sets is increasingly important. Here, we present a measure of dependence for two-variable relationships: the maximal information coefficient (MIC). MIC captures a wide range of associations both functional and not, and for functional relationships provides a score that roughly equals the coefficient of determination (R2) of the data relative to the regression function. MIC belongs to a larger class of maximal information-based nonparametric exploration (MINE) statistics for identifying and classifying relationships. We apply MIC and MINE to data sets in global health, gene expression, major-league baseball, and the human gut microbiota and identify known and novel relationships.}, 
URL = {http://www.sciencemag.org/content/334/6062/1518.abstract}, 
eprint = {http://www.sciencemag.org/content/334/6062/1518.full.pdf}, 
journal = {Science} 
}

@article{Szekely2009,
    abstract = {{Distance correlation is a new class of multivariate dependence coefficients applicable to random vectors of arbitrary and not necessarily equal dimension. Distance covariance and distance correlation are analogous to product-moment covariance and correlation, but generalize and extend these classical bivariate measures of dependence. Distance correlation characterizes independence: it is zero if and only if the random vectors are independent. The notion of covariance with respect to a stochastic process is introduced, and it is shown that population distance covariance coincides with the covariance with respect to Brownian motion; thus, both can be called Brownian distance covariance. In the bivariate case, Brownian covariance is the natural extension of product-moment covariance, as we obtain Pearson product-moment covariance by replacing the Brownian motion in the definition with identity. The corresponding statistic has an elegantly simple computing formula. Advantages of applying Brownian covariance and correlation vs the classical Pearson covariance and correlation are discussed and illustrated.}},
    author = {Sz\'{e}kely, G\'{a}bor J. and Rizzo, Maria L.},
    citeulike-article-id = {10257468},
    citeulike-linkout-0 = {http://dx.doi.org/10.1214/09-AOAS312},
    citeulike-linkout-1 = {http://projecteuclid.org/euclid.aoas/1267453933},
    doi = {10.1214/09-AOAS312},
    journal = {Annals of Applied Statistics},
    keywords = {distancecorrelation},
    number = {4},
    pages = {1233--1303},
    posted-at = {2012-01-23 16:03:04},
    priority = {2},
    title = {{Brownian distance covariance}},
    url = {http://projecteuclid.org/euclid.aoas/1267453933},
    volume = {3},
    year = {2009}
}
@inproceedings{Colonnese:2013:CBM:2507248.2507262,
 author = {Colonnese, Stefania and Cuomo, Francesca and Melodia, Tommaso and Guida, Raffaele},
 title = {Cloud-assisted Buffer Management for HTTP-based Mobilevideo Streaming},
 booktitle = {Proceedings of the 10th ACM Symposium on Performance Evaluation of Wireless Ad Hoc, Sensor, \&\#38; Ubiquitous Networks},
 series = {PE-WASUN '13},
 year = {2013},
 isbn = {978-1-4503-2360-4},
 location = {Barcelona, Spain},
 pages = {1--8},
 numpages = {8},
 url = {http://doi.acm.org/10.1145/2507248.2507262},
 doi = {10.1145/2507248.2507262},
 acmid = {2507262},
 publisher = {ACM},
 address = {New York, NY, USA},
 keywords = {HTTP adaptive streaming, cloud computing},
} 
@article{Sanchez:2012:EHS:2184927.2185130,
 author = {Sanchez, Y. and Schierl, T. and Hellge, C. and Wiegand, T. and Hong, D. and De Vleeschauwer, D. and Van Leekwijck, W. and Le Lou{\'e}dec, Y.},
 title = {Efficient HTTP-based Streaming Using Scalable Video Coding},
 journal = {Image Commun.},
 issue_date = {April, 2012},
 volume = {27},
 number = {4},
 month = April,
 year = {2012},
 issn = {0923-5965},
 pages = {329--342},
 numpages = {14},
 url = {http://dx.doi.org/10.1016/j.image.2011.10.002},
 doi = {10.1016/j.image.2011.10.002},
 acmid = {2185130},
 publisher = {Elsevier Science Inc.},
 address = {New York, NY, USA},
 keywords = {Adaptation, Caching, HTTP streaming, Live, Scalable Video Coding},
} 
@inproceedings{Duarte:2013:MCR:2526188.2526227,
 author = {Duarte, Diego and Pereira, Adriano C.M. and Davis, Clodoveu},
 title = {Modeling, Characterizing and Recommendation in Multimedia Web Content Services},
 booktitle = {Proceedings of the 19th Brazilian Symposium on Multimedia and the Web},
 series = {WebMedia '13},
 year = {2013},
 isbn = {978-1-4503-2559-2},
 location = {Salvador, Brazil},
 pages = {265--268},
 numpages = {4},
 url = {http://doi.acm.org/10.1145/2526188.2526227},
 doi = {10.1145/2526188.2526227},
 acmid = {2526227},
 publisher = {ACM},
 address = {New York, NY, USA},
 keywords = {characterization, multimedia, online videos, recommendation},
} 
@article{Zhang:1993:RNR:2329086.2329989,
 author = {Zhang, L. and Deering, S. and Estrin, D. and Shenker, S. and Zappala, D.},
 title = {RSVP: A New Resource ReSerVation Protocol},
 journal = {Netwrk. Mag. of Global Internetwkg.},
 issue_date = {September 1993},
 volume = {7},
 number = {5},
 month = September,
 year = {1993},
 issn = {0890-8044},
 pages = {8--18},
 numpages = {11},
 url = {http://dx.doi.org/10.1109/65.238150},
 doi = {10.1109/65.238150},
 acmid = {2329989},
 publisher = {IEEE Press},
 address = {Piscataway, NJ, USA},
} 

@misc{Audio-VideoTransportWorkingGroup:1996:RTP:RFC1889,
 author = {Audio-Video Transport Working Group and Schulzrinne, H. and Casner, S. and Frederick, R. and Jacobson, V.},
 title = {RTP: A Transport Protocol for Real-Time Applications},
 year = {1996},
 publisher = {RFC Editor},
 address = {United States},
 url = {http://tools.ietf.org/html/rfc1889},
} 

@misc{Schulzrinne:1998:RTS:RFC2326,
 author = {Schulzrinne, H. and Rao, A. and Lanphier, R.},
 title = {Real Time Streaming Protocol (RTSP)},
 year = {1998},
 publisher = {RFC Editor},
 address = {United States},
 url = {http://tools.ietf.org/html/rfc2326},
} 

@inproceedings{Floyd:2000:ECC:347059.347397,
 author = {Floyd, Sally and Handley, Mark and Padhye, Jitendra and Widmer, J\"{o}rg},
 title = {Equation-based Congestion Control for Unicast Applications},
 booktitle = {Proceedings of the Conference on Applications, Technologies, Architectures, and Protocols for Computer Communication},
 series = {SIGCOMM '00},
 year = {2000},
 isbn = {1-58113-223-9},
 location = {Stockholm, Sweden},
 pages = {43--56},
 numpages = {14},
 url = {http://doi.acm.org/10.1145/347059.347397},
 doi = {10.1145/347059.347397},
 acmid = {347397},
 publisher = {ACM},
 address = {New York, NY, USA},
} 

@article{Jacobs1998211,
title = {Streaming Video Using Dynamic Rate Shaping and TCP Congestion Control},
journal = {Journal of Visual Communication and Image Representation},
volume = {9},
number = {3},
pages = {211--222},
year = {1998},
note = {},
issn = {1047-3203},
doi = {http://dx.doi.org/10.1006/jvci.1998.0389},
url = {http://www.sciencedirect.com/science/article/pii/S1047320398903893},
author = {Stephen Jacobs and Alexandros Eleftheriadis}
}

@article{thomas1998white,
  title={White Paper: IP Multicast in RealSystem G2},
  author={Thomas, V},
  journal={RealNetworks, Inc},
  pages={1--14},
  year={1998},
  url={http://docs.real.com/docs/g2multicast.pdf},
}

@ARTICLE{944477, 
author={Qian Zhang and Zhu, Wenwu and Ya-Qin Zhang}, 
journal={Multimedia, IEEE Transactions on}, 
title={Resource allocation for multimedia streaming over the Internet}, 
year={2001}, 
volume={3}, 
number={3}, 
pages={339--355}, 
keywords={multimedia systems;quality of service;resource allocation;transport protocols;Internet;MSTFP;multimedia streaming;multimedia streaming TCP-friendly protocol;multiple media streaming;quality of services;resource allocation;transport architecture;Bandwidth;Delay effects;Feedback control;Jitter;Protocols;Quality of service;Rate-distortion;Resource management;Streaming media;Web and internet services}, 
doi={10.1109/6046.944477}, 
ISSN={1520-9210},}

@ARTICLE{556670, 
author={Albanese, A. and Blomer, J. and Edmonds, J. and Luby, M. and Sudan, M.}, 
journal={Information Theory, IEEE Transactions on}, 
title={Priority encoding transmission}, 
year={1996}, 
volume={42}, 
number={6}, 
pages={1737--1744}, 
keywords={encoding;message switching;multimedia communication;packet switching;bursty sources;encoding packets;girth;high-speed networks;information-theoretic lower bound;lossy packet-based networks;message;multimedia networks;priority encoding transmission;priority value;total length;Buffer overflow;Computer science;Encoding;High-speed networks;Propagation losses;Reed-Solomon codes;USA Councils}, 
doi={10.1109/18.556670}, 
ISSN={0018-9448},}

@INPROCEEDINGS{559424, 
author={Bolot, J.-C. and Turletti, T.}, 
booktitle={Image Processing, 1996. Proceedings., International Conference on}, 
title={Adaptive error control for packet video in the Internet}, 
year={1996}, 
volume={1}, 
pages={25--28 vol.1}, 
keywords={Internet;adaptive codes;channel coding;error correction codes;forward error correction;image reconstruction;packet switching;source coding;teleconferencing;video coding;FEC;adaptive error control;audio applications;bandwidth requirements;forward error correction;high packet loss rates;integrated services Internet;joint source/channel coding;network capacity;packet reconstruction;packet video;rate control mechanisms;video applications;video flow;videoconferences;Adaptive control;Bandwidth;Channel coding;Costs;Error correction;Forward error correction;Intserv networks;Programmable control;Video compression;Web and internet services}, 
doi={10.1109/ICIP.1996.559424},}

@ARTICLE{855913, 
author={Yao Wang and Wenger, S. and Jiantao Wen and Katsaggelos, A.K.}, 
journal={Signal Processing Magazine, IEEE}, 
title={Error resilient video coding techniques}, 
year={2000}, 
volume={17}, 
number={4}, 
pages={61--82}, 
doi={10.1109/79.855913}, 
ISSN={1053-5888},}

@ARTICLE{664283, 
author={Yao Wang and Qin-Fan Zhu}, 
journal={Proceedings of the IEEE}, 
title={Error control and concealment for video communication: a review}, 
year={1998}, 
volume={86}, 
number={5}, 
pages={974--997}, 
keywords={channel coding;decoding;error correction codes;error detection codes;forward error correction;reviews;source coding;video coding;coded bit streams;concealment;damaged areas;decoder;error control;error resilience;forward error concealment;image signals;interactive error concealment;international standards;postprocessing;redundancy;review;unreliable channels;video communication;video delivery;video signal;Asynchronous transfer mode;Decoding;Error correction;Huffman coding;IP networks;Streaming media;Video compression;Video sequences;Wireless networks}, 
doi={10.1109/5.664283}, 
ISSN={0018-9219},} 

@article{podolsky1999rtcp,
  title={A RTCP-based retransmission protocol for unicast RTP streaming multimedia},
  author={Podolsky, M and Yano, K and McCanne, S},
  journal={IETF, draft-podolsky-avt-rtprx-00. txt},
  year={1999},
  url={http://tools.ietf.org/html/draft-podolsky-avt-rtprx-01},
}

@inproceedings{Gill:2007:AAM:1267903.1267929,
 author = {Gill, Binny S. and Bathen, Luis Angel D.},
 title = {AMP: Adaptive Multi-stream Prefetching in a Shared Cache},
 booktitle = {Proceedings of the 5th USENIX Conference on File and Storage Technologies},
 series = {FAST '07},
 year = {2007},
 location = {San Jose, CA},
 pages = {26--26},
 numpages = {1},
 url = {http://usenix.org/event/fast07/tech/full_papers/gill/gill.pdf},
 acmid = {1267929},
 publisher = {USENIX Association},
 address = {Berkeley, CA, USA},
} 

@article{Wang:2010:SSO:1807060.1807064,
 author = {Wang, Yang and Shu, Jiwu and Zhang, Guangyan and Xue, Wei and Zheng, Weimin},
 title = {SOPA: Selecting the Optimal Caching Policy Adaptively},
 journal = {Trans. Storage},
 issue_date = {July 2010},
 volume = {6},
 number = {2},
 month = July,
 year = {2010},
 issn = {1553-3077},
 pages = {7:1--7:18},
 articleno = {7},
 numpages = {18},
 url = {http://doi.acm.org/10.1145/1807060.1807064},
 doi = {10.1145/1807060.1807064},
 acmid = {1807064},
 publisher = {ACM},
 address = {New York, NY, USA},
 keywords = {Caching policies, policy adaptation, policy switch},
} 

@inproceedings{Yang:2001:MWL:502512.502584,
 author = {Yang, Qiang and Zhang, Haining Henry and Li, Tianyi},
 title = {Mining Web Logs for Prediction Models in WWW Caching and Prefetching},
 booktitle = {Proceedings of the Seventh ACM SIGKDD International Conference on Knowledge Discovery and Data Mining},
 series = {KDD '01},
 year = {2001},
 isbn = {1-58113-391-X},
 location = {San Francisco, California},
 pages = {473--478},
 numpages = {6},
 url = {http://doi.acm.org/10.1145/502512.502584},
 doi = {10.1145/502512.502584},
 acmid = {502584},
 publisher = {ACM},
 address = {New York, NY, USA},
 keywords = {Application to Caching and Prefetching on the WWW, Web Log Mining},
} 


@inproceedings{Kim:2001:CLS:378344.378354,
 author = {Kim, Taehyun and AmMarch, Mostafa H.},
 title = {A Comparison of Layering and Stream Replication Video Multicast Schemes},
 booktitle = {Proceedings of the 11th International Workshop on Network and Operating Systems Support for Digital Audio and Video},
 series = {NOSSDAV '01},
 year = {2001},
 isbn = {1-58113-370-7},
 location = {Port Jefferson, New York, USA},
 pages = {63--72},
 numpages = {10},
 url = {http://doi.acm.org/10.1145/378344.378354},
 doi = {10.1145/378344.378354},
 acmid = {378354},
 publisher = {ACM},
 address = {New York, NY, USA},
} 

@inproceedings{McCanne:1996:RLM:248156.248168,
 author = {McCanne, Steven and Jacobson, Van and Vetterli, Martin},
 title = {Receiver-driven Layered Multicast},
 booktitle = {Conference Proceedings on Applications, Technologies, Architectures, and Protocols for Computer Communications},
 series = {SIGCOMM '96},
 year = {1996},
 isbn = {0-89791-790-1},
 location = {Palo Alto, California, USA},
 pages = {117--130},
 numpages = {14},
 url = {http://doi.acm.org/10.1145/248156.248168},
 doi = {10.1145/248156.248168},
 acmid = {248168},
 publisher = {ACM},
 address = {New York, NY, USA},
} 

@inproceedings{Chu:2000:CES:339331.339337,
 author = {Chu, Yang-hua and Rao, Sanjay G. and Zhang, Hui},
 title = {A Case for End System Multicast (Keynote Address)},
 booktitle = {Proceedings of the 2000 ACM SIGMETRICS International Conference on Measurement and Modeling of Computer Systems},
 series = {SIGMETRICS '00},
 year = {2000},
 isbn = {1-58113-194-1},
 location = {Santa Clara, California, USA},
 pages = {1--12},
 numpages = {12},
 url = {http://doi.acm.org/10.1145/339331.339337},
 doi = {10.1145/339331.339337},
 acmid = {339337},
 publisher = {ACM},
 address = {New York, NY, USA},
} 

@INPROCEEDINGS{1208964, 
author={Tran, D.A. and Hua, K.A. and Tai Do}, 
booktitle={INFOCOM 2003. Twenty-Second Annual Joint Conference of the IEEE Computer and Communications. IEEE Societies}, 
title={ZIGZAG: an efficient peer-to-peer scheme for media streaming}, 
year={2003}, 
volume={2}, 
pages={1283--1292 vol.2}, 
doi={10.1109/INFCOM.2003.1208964}, 
ISSN={0743-166X},}

@inproceedings{Castro:2003:SHM:945445.945474,
 author = {Castro, Miguel and Druschel, Peter and Kermarrec, Anne-Marie and Nandi, Animesh and Rowstron, Antony and Singh, Atul},
 title = {SplitStream: High-bandwidth Multicast in Cooperative Environments},
 booktitle = {Proceedings of the Nineteenth ACM Symposium on Operating Systems Principles},
 series = {SOSP '03},
 year = {2003},
 isbn = {1-58113-757-5},
 location = {Bolton Landing, NY, USA},
 pages = {298--313},
 numpages = {16},
 url = {http://doi.acm.org/10.1145/945445.945474},
 doi = {10.1145/945445.945474},
 acmid = {945474},
 publisher = {ACM},
 address = {New York, NY, USA},
 keywords = {application-level multicast, content distribution, end-system multicast, peer-to-peer, video streaming},
} 

@inproceedings{Kostic:2003:BHB:945445.945473,
 author = {Kosti\'{c}, Dejan and Rodriguez, Adolfo and Albrecht, Jeannie and Vahdat, Amin},
 title = {Bullet: High Bandwidth Data Dissemination Using an Overlay Mesh},
 booktitle = {Proceedings of the Nineteenth ACM Symposium on Operating Systems Principles},
 series = {SOSP '03},
 year = {2003},
 isbn = {1-58113-757-5},
 location = {Bolton Landing, NY, USA},
 pages = {282--297},
 numpages = {16},
 url = {http://doi.acm.org/10.1145/945445.945473},
 doi = {10.1145/945445.945473},
 acmid = {945473},
 publisher = {ACM},
 address = {New York, NY, USA},
 keywords = {bandwidth, overlays, peer-to-peer},
} 
 
@INPROCEEDINGS{1666439, 
author={Dah Ming Chiu and Yeung, R.W. and Jiaqing Huang and Bin Fan}, 
booktitle={Modeling and Optimization in Mobile, Ad Hoc and Wireless Networks, 2006 4th International Symposium on}, 
title={Can Network Coding Help in P2P Networks?}, 
year={2006}, 
pages={1--5}, 
doi={10.1109/WIOPT.2006.1666439},}

@INPROCEEDINGS{1498486, 
author={Xinyan Zhang and Jiangchuan Liu and Bo Li and Yum, T.P.}, 
booktitle={INFOCOM 2005. 24th Annual Joint Conference of the IEEE Computer and Communications Societies. Proceedings IEEE}, 
title={CoolStreaming/DONet: a data-driven overlay network for peer-to-peer live media streaming}, 
year={2005}, 
volume={3}, 
pages={2102--2111 vol. 3}, 
ISSN={0743-166X},}

@INPROCEEDINGS{5462030, 
author={Zimu Liu and Chuan Wu and Baochun Li and Shuqiao Zhao}, 
booktitle={INFOCOM, 2010 Proceedings IEEE}, 
title={UUSee: Large-Scale Operational On-Demand Streaming with Random Network Coding}, 
year={2010}, 
pages={1--9}, 
doi={10.1109/INFCOM.2010.5462030}, 
ISSN={0743-166X},}
 
 @ARTICLE{5491181, 
author={Chan, K.-H.K. and Chan, S.-H.G. and Begen, A.C.}, 
journal={Multimedia, IEEE Transactions on}, 
title={SPANC: Optimizing Scheduling Delay for Peer-to-Peer Live Streaming}, 
year={2010}, 
volume={12}, 
number={7}, 
pages={743--753}, 
doi={10.1109/TMM.2010.2053524}, 
ISSN={1520-9210}, 
month={November},}

@ARTICLE{4015713, 
author={Joon-Sang Park and Gerla, M. and Lun, D.S. and Yi, Y. and Medard, M.}, 
journal={Wireless Communications, IEEE}, 
title={Codecast: a network-coding-based ad hoc multicast protocol}, 
year={2006}, 
volume={13}, 
number={5}, 
pages={76--81}, 
doi={10.1109/WC-M.2006.250362}, 
ISSN={1536-1284},}

@ARTICLE{4395125, 
author={Mea Wang and Baochun Li}, 
journal={Selected Areas in Communications, IEEE Journal on}, 
title={R\textsuperscript{2}: Random Push with Random Network Coding in Live Peer-to-Peer Streaming}, 
year={2007}, 
volume={25}, 
number={9}, 
pages={1655--1666}, 
doi={10.1109/JSAC.2007.071205}, 
ISSN={0733-8716},}

@INPROCEEDINGS{6298202, 
author={Sarkar, S. and Mea Wang}, 
booktitle={Modeling, Analysis Simulation of Computer and Telecommunication Systems (MASCOTS), 2012 IEEE 20th International Symposium on}, 
title={A Measurement Study of Network Coding in Peer-to-Peer Video-on-Demand Systems}, 
year={2012}, 
pages={423--430}, 
doi={10.1109/MASCOTS.2012.54}, 
ISSN={1526-7539},}

@article{Nygren:2010:ANP:1842733.1842736,
 author = {Nygren, Erik and Sitaraman, Ramesh K. and Sun, Jennifer},
 title = {The Akamai Network: A Platform for High-performance Internet Applications},
 journal = {SIGOPS Oper. Syst. Rev.},
 issue_date = {July 2010},
 volume = {44},
 number = {3},
 month = August,
 year = {2010},
 issn = {0163-5980},
 pages = {2--19},
 numpages = {18},
 url = {http://doi.acm.org/10.1145/1842733.1842736},
 doi = {10.1145/1842733.1842736},
 acmid = {1842736},
 publisher = {ACM},
 address = {New York, NY, USA},
 keywords = {Akamai, CDN, DNS, HTTP, application acceleration, content delivery, fault tolerance, overlay networks, quality of service, streaming media},
} 

@book{Buyya:2008:CDN:1457653,
 author = {Buyya, Rajkumar and Pathan, Mukaddim and Vakali, Athena},
 title = {Content Delivery Networks},
 year = {2008},
 isbn = {9783540778868},
 edition = {1st},
 publisher = {Springer Publishing Company, Incorporated},
} 

@article{vakali2003content,
 author = {Vakali, Athena and Pallis, George},
 title = {Content Delivery Networks: Status and Trends},
 journal = {IEEE Internet Computing},
 issue_date = {November 2003},
 volume = {7},
 number = {6},
 month = November,
 year = {2003},
 issn = {1089-7801},
 pages = {68--74},
 numpages = {7},
 url = {http://dx.doi.org/10.1109/MIC.2003.1250586},
 doi = {10.1109/MIC.2003.1250586},
 acmid = {1050717},
 publisher = {IEEE Educational Activities Department},
 address = {Piscataway, NJ, USA},
} 

@article{mpeg2012information,
  title={Information technology-dynamic adaptive streaming over http (dash)-part 1: Media presentation description and segment formats},
  author={MPEG, I},
  journal={ISO/IEC MPEG, Tech. Rep},
  year={2012}
}

@article{mpeg2014information,
  title={Information technology-dynamic adaptive streaming over http (dash)-part 1: Media presentation description and segment formats},
  author={MPEG, I},
  journal={ISO/IEC MPEG, Tech. Rep},
  year={2014}
}


@phdthesis{Fielding:2000:RESTful,
 author = {Fielding, Roy Thomas},
 title = {Architectural Styles and the Design of Network-based Software Architectures},
 year = {2000},
 isbn = {0-599-87118-0},
 note = {AAI9980887},
 publisher = {University of California, Irvine},
} 

@inproceedings{Zhang:2013:hmsearch,
	author = {Zhang, Xiaoyang and Qin, Jianbin and Wang, Wei and Sun, Yifang and Lu, Jiaheng},
	title = {HmSearch: An Efficient Hamming Distance Query Processing Algorithm},
	booktitle = {Proceedings of the 25th International Conference on Scientific and Statistical Database Management},
	series = {SSDBM},
	year = {2013},
	isbn = {978-1-4503-1921-8},
	location = {Baltimore, Maryland, USA},
	pages = {19:1--19:12},
	articleno = {19},
	numpages = {12},
	url = {http://doi.acm.org/10.1145/2484838.2484842},
	doi = {10.1145/2484838.2484842},
	acmid = {2484842},
	publisher = {ACM},
	address = {New York, NY, USA},
} 

@electronic{google-cia,
 author = {Paul Joseph Watson},
 title = {Ex-Agent: CIA Seed Money Helped Launch Google},
 url = {http://www.prisonplanet.com/articles/december2006/061206seedmoney.htm},
 month = {December},
 year = {2006},
 organization = {Prison Planet},
 note = {Accessed: 19/08/2016}
}

@electronic{fb-cia,
 author = {Sandeep Parwaga},
 title = {Facebook \& Google are CIA Fronts},
 url = {http://www.henrymakow.com/social_networking_dupes_the_ma.html},
 month = {February},
 year = {2011},
 organization = {HenryMakow.com},
 note = {Accessed: 19/08/2016}
}

@INPROCEEDINGS{blockhash, 
author={B. Yang and F. Gu and X. Niu}, 
booktitle={2006 International Conference on Intelligent Information Hiding and Multimedia}, 
title={Block Mean Value Based Image Perceptual Hashing}, 
year={2006}, 
pages={167-172}, 
doi={10.1109/IIH-MSP.2006.265125}, 
month={December},}

@electronic{ms-ibm-dos,
 author = {Michael J. Mille},
 title = {The Rise of DOS: How Microsoft Got the IBM PC OS Contract},
 url = {http://forwardthinking.pcmag.com/software/286148-the-rise-of-dos-how-microsoft-got-the-ibm-pc-os-contract},
 month = {August},
 year = {2011},
 organization = {PC Magazine},
 note = {Accessed: 19/08/2016}
}

@ARTICLE{crowd-incentive, 
author={D. Yang and G. Xue and X. Fang and J. Tang}, 
journal={IEEE/ACM Transactions on Networking}, 
title={Incentive Mechanisms for Crowdsensing: Crowdsourcing With Smartphones}, 
year={2016}, 
volume={24}, 
number={3}, 
pages={1732-1744}, 
keywords={cloud computing;game theory;smart phones;GPS;Global Positioning System;Stackelberg equilibrium;Stackelberg game;accelerometer;auction-based incentive mechanism;camera;crowdsensing applications;crowdsourcer-centric model;crowdsourcing;digital compass;embedded sensors;gyroscope;microphone;smart phones;user-centric model;Computational modeling;Crowdsourcing;Games;IEEE transactions;Mechanical factors;Sensors;Smart phones;Crowdsensing;Stackelberg game;crowdsourcing;incentive mechanism}, 
doi={10.1109/TNET.2015.2421897}, 
ISSN={1063-6692}, 
month={June},}

@inproceedings{cheng2007measurement,
author = {Bin Cheng and Xuezheng Liu and Zhengyou Zhang and Hai Jin},
title = {A Measurement Study of a Peer-to-Peer Video-on-Demand System},
booktitle = {Proceedings of the 6th International workshop on Peer-To-Peer Systems},
series = {IPTPS '07},
year = {2007},
month = {February},
publisher = {},
url = {http://www.iptps.org/papers-2007/ChengLiuZhangJin.pdf},
address = {},
pages = {},
journal = {},
volume = {},
chapter = {},
isbn = {},
}

@ARTICLE{SCAMP, 
author={A. J. Ganesh and A. M. Kermarrec and L. Massoulie}, 
journal={IEEE Transactions on Computers}, 
title={Peer-to-peer membership management for gossip-based protocols}, 
year={2003}, 
volume={52}, 
number={2}, 
pages={139-149}, 
doi={10.1109/TC.2003.1176982}, 
ISSN={0018-9340}, 
month={Feb},}

@INPROCEEDINGS{net-pos-edge, 
author={D. R. Choffnes and M. A. Sanchez and F. E. Bustamante}, 
booktitle={INFOCOM, 2010 Proceedings IEEE}, 
title={Network Positioning from the Edge - An Empirical Study of the Effectiveness of Network Positioning in P2P Systems}, 
year={2010}, 
pages={1-5}, 
doi={10.1109/INFCOM.2010.5462225}, 
ISSN={0743-166X}, 
month={March},}

@inproceedings{end-user-mapping,
 author = {Chen, Fangfei and Sitaraman, Ramesh K. and Torres, Marcelo},
 title = {End-User Mapping: Next Generation Request Routing for Content Delivery},
 booktitle = {Proceedings of the 2015 ACM Conference on Special Interest Group on Data Communication},
 series = {SIGCOMM '15},
 year = {2015},
 isbn = {978-1-4503-3542-3},
 location = {London, United Kingdom},
 pages = {167--181},
 numpages = {15},
 url = {http://doi.acm.org/10.1145/2785956.2787500},
 doi = {10.1145/2785956.2787500},
 acmid = {2787500},
 publisher = {ACM},
 address = {New York, NY, USA}
} 

@electronic{soft-visc,
 author = {Jeff Kampman},
 title = {Soft Machines reveals performance targets for its VISC processors},
 url = {http://techreport.com/news/29678/},
 month = {February},
 year = {2016},
 organization = {The Tech Report},
 note = {Accessed: 19/08/2016}
}

@electronic{gtx-1080,
 author = {{von Igor}, Wallossek},
 title = {GTX 1070/1080 vs. GTX 980 Ti: Effizienzanalyse \& Leistungsaufnahme},
 language = {German},
 url = {http://www.tomshardware.de/gtx-1070-gtx-1080-nvidia-pascal-effizienz-performance,testberichte-242131-3.html},
 month = {June},
 year = {2016},
 organization = {Ton's Hardware},
 note = {Accessed: 19/08/2016}
}

@electronic{apple-webrtc,
 author = {Itay Rosenfeld},
 title = {No matter how you slice it, Apple and WebRTC need each other},
 url = {https://techcrunch.com/2016/04/05/will-an-apple-a-day-keep-webrtc-away/},
 month = {April},
 year = {2016},
 organization = {Tech Crunch},
 note = {Accessed: 19/08/2016}
}

@electronic{webrtc-market,
 author = {Rohan Salgarkar},
 title = {Web Real-Time Communication Market},
 url = {http://www.marketsandmarkets.com/PressReleases/web-real-time-communication.asp},
 month = {March},
 year = {2016},
 organization = {Markets and Markets},
 note = {Accessed: 19/08/2016}
}

@electronic{blockchain-tech,
 author = {Michael Crosby and Nachiappan and Pradhan Pattanayak and Sanjeev Vermaand Vignesh Kalyanaraman and Fairchild Semiconductor},
 title = {BlockChain Technology: Beyond Bitcoin},
 url = {http://scet.berkeley.edu/wp-content/uploads/BlockchainPaper.pdf},
 month = {October},
 year = {2015},
 organization = {Sutardja Center for Entrepreneurship \& Technology Technical Report, UC Berkeley},
 note = {Accessed: 19/08/2016}
}

@electronic{dg-blockchain,
 author = {Michael del Castillo},
 title = {New York's `Energy Czar' Talks Future of Blockchain for Energy Grids},
 url = {http://www.coindesk.com/new-york-energy-czar-blockchain/},
 month = {April},
 year = {2016},
 organization = {CoinDesk},
 note = {Accessed: 19/08/2016}
}

@electronic{intel-3dxpoint-ssd,
 author = {AuthorAnton Shilov},
 title = {Intel: First 3D XPoint SSDs will feature up to 6GB/s of bandwidth},
 url = {http://www.kitguru.net/components/memory/anton-shilov/intel-first-3d-xpoint-ssds-will-feature-up-to-6gbs-of-bandwidth/},
 month = {August},
 year = {2015},
 organization = {KitGuru},
 note = {Accessed: 19/08/2016}
}

@electronic{thoughts-on-flash,
 author = {Steve Jobs},
 title = {Thoughts on Flash},
 url = {http://www.apple.com/hotnews/thoughts-on-flash/},
 month = {April},
 year = {2010},
 organization = {Apple},
 note = {Accessed: 19/08/2016}
}

@electronic{ff-away-flash,
 author = {Troy Wolverton},
 title = {Mozilla Firefox latest to move away from Adobe Flash},
 url = {http://www.siliconbeat.com/2016/07/22/mozilla-firefox-latest-move-away-adobe-flash/},
 month = {July},
 year = {2016},
 organization = {Bay Area News Group},
 note = {Accessed: 19/08/2016}
}



